<?xml version="1.0" encoding="UTF-8"?><collection><record><leader>03455ntm a2200445 a 4500</leader><controlfield tag="001">002631705</controlfield><controlfield tag="003">MiAaHDL</controlfield><controlfield tag="005">20190719000000.0</controlfield><controlfield tag="006">m        d        </controlfield><controlfield tag="007">cr bn ---auaua</controlfield><controlfield tag="008">930614s1843    xx            00||  ara d</controlfield><datafield tag="035" ind1=" " ind2=" "><subfield code="a">(MiU)002631705</subfield></datafield><datafield tag="035" ind1=" " ind2=" "><subfield code="a">sdr-miu002631705</subfield></datafield><datafield tag="035" ind1=" " ind2=" "><subfield code="a">(OCoLC)34366118</subfield></datafield><datafield tag="035" ind1=" " ind2=" "><subfield code="a">(RLIN)MIUH93-A130</subfield></datafield><datafield tag="040" ind1=" " ind2=" "><subfield code="a">MiU</subfield><subfield code="c">MiU</subfield><subfield code="e">appm</subfield><subfield code="d">MiU</subfield></datafield><datafield tag="100" ind1="1" ind2=" "><subfield code="6">880-01</subfield><subfield code="a">Ḥanafī, ʻAlī ibn Māmī.</subfield></datafield><datafield tag="245" ind1="1" ind2="0"><subfield code="6">880-02</subfield><subfield code="a">Itḥāf al-maḥbūb bi-sharḥ mujmalat al-maṭlūb fī al-ʻamal bi-al-rubʻ al-juyūb :</subfield><subfield code="k">manuscript,</subfield><subfield code="f">[1843] /</subfield><subfield code="c">li-al-imām ʻAlī ibn Māmī al-Ḥanafī.</subfield></datafield><datafield tag="300" ind1=" " ind2=" "><subfield code="a">1</subfield><subfield code="f">v. ([180] p. on 45 lvs.) :</subfield><subfield code="b">ill. ;</subfield><subfield code="c">17 cm.</subfield></datafield><datafield tag="500" ind1=" " ind2=" "><subfield code="a">Edward Heawood, Watermarks, Mainly of the 17th and 18th Centuries (Hilversum, 1950), p. 36 and no. 860.</subfield></datafield><datafield tag="500" ind1=" " ind2=" "><subfield code="a">Contains astronomical diagrams.</subfield></datafield><datafield tag="500" ind1=" " ind2=" "><subfield code="a">Text and diagrams rubricated; marginal notes and corrections in hand of copyist (same as that of Mich. Isl. Ms. 807,2) and others; kurrāsahs numbered 1-9; copy defective, pp. [43-44] and [57-58] missing.</subfield></datafield><datafield tag="500" ind1=" " ind2=" "><subfield code="a">Date and name of copyist in colophon: katabahu al-faqīr ... ʻAbd al-Fattāḥ Aḥmad Ṣiwān al-Mālikī ... fī yawm al-sabt al-mubārak 28 shahr min Dhī al-Ḥijjah khitām sanat 1258 [i.e. 30 January 1843].</subfield></datafield><datafield tag="500" ind1=" " ind2=" "><subfield code="a">Pp. [1-163]. Bound with: ʻAlī al-Malāqī al-Andalusī, al-Waḍʻ ʻalá al-jihāt fī al-basāʾiṭ wa-al-munḥarifāt, pp. [166-180].</subfield></datafield><datafield tag="510" ind1="4" ind2=" "><subfield code="a">GAL,</subfield><subfield code="c">Suppl. II, p. 218</subfield></datafield><datafield tag="520" ind1=" " ind2=" "><subfield code="a">"A commentary on the treatise on the sinuated quadrant of Jamāl al-Dīn ʻAbd Allāh ibn Khalīl ibn Yūsuf, al-Māridīnī." Cataloging by Elinor M. Husselman, 1945.</subfield></datafield><datafield tag="538" ind1=" " ind2=" "><subfield code="a">Mode of access: Internet.</subfield></datafield><datafield tag="541" ind1=" " ind2=" "><subfield code="d">07/--/36</subfield><subfield code="3">Manuscript</subfield><subfield code="a">McGregor Fund</subfield><subfield code="c">Purchase, 1933/34</subfield><subfield code="h">35 p.t.</subfield></datafield><datafield tag="561" ind1=" " ind2=" "><subfield code="a">Purchased in Cairo, 1933/34. Owners' marks: on pp. [1] and [165], autograph: ṣāra bi-faḍl Allāh taʻālá min kutub al-faqīr Muḥammad ʻAbd al-Qādir al-Māzinī 1285 [i.e. 1868 or 9]; on p. [1], manuscript notes in handwriting of Max Meyerhof.</subfield></datafield><datafield tag="600" ind1="1" ind2="4"><subfield code="6">880-03</subfield><subfield code="a">Māridīnī, Jamāl al-Dīn ʻAbd Allāh ibn Khalīl al-Qāhirī,</subfield><subfield code="d">d. 1406.</subfield><subfield code="t">Mujmalat al-maṭlūb fī al-ʻamal bi-al-rubʻ al-juyūb.</subfield></datafield><datafield tag="650" ind1=" " ind2="0"><subfield code="a">Quadrants (Astronomical instruments)</subfield><subfield code="v">Early works to 1800.</subfield></datafield><datafield tag="650" ind1=" " ind2="0"><subfield code="a">Astronomical instruments</subfield><subfield code="y">Early works to 1800.</subfield></datafield><datafield tag="650" ind1=" " ind2="0"><subfield code="a">Astronomy, Arab</subfield><subfield code="y">Early works to 1800.</subfield></datafield><datafield tag="650" ind1=" " ind2="0"><subfield code="a">Manuscripts, Arabic</subfield><subfield code="z">Michigan</subfield><subfield code="z">Ann Arbor.</subfield></datafield><datafield tag="700" ind1="1" ind2="0"><subfield code="6">880-04</subfield><subfield code="a">Māridīnī, Jamāl al-Dīn ʻAbd Allāh ibn Khalīl al-Qāhirī,</subfield><subfield code="d">d. 1406.</subfield><subfield code="t">Mujmalat al-maṭlūb fī al-ʻamal bi-al-rubʻ al-juyūb.</subfield></datafield><datafield tag="700" ind1="1" ind2=" "><subfield code="a">Meyerhof, Max,</subfield><subfield code="d">1874-1945,</subfield><subfield code="e">former owner.</subfield></datafield><datafield tag="773" ind1="0" ind2=" "><subfield code="7">unbc</subfield><subfield code="a">Tracy W. McGregor Collection of Arabic, Persian, and Turkish Mathematical and Astronomical Manuscripts.</subfield><subfield code="w">(CStRLIN)MIUH92-A20.</subfield></datafield><datafield tag="880" ind1="0" ind2="0"><subfield code="6">700-04/</subfield><subfield code="a">جمال الدين عبد الله بن خليل القاهري المارديني.</subfield><subfield code="t">مجملة المطلوب في العمل بالربع الجيوب.</subfield></datafield><datafield tag="880" ind1="0" ind2="4"><subfield code="6">600-03/</subfield><subfield code="a">جمال الدين عبد الله بن خليل القاهري المارديني.</subfield><subfield code="t">مجملة المطلوب في العمل بالربع الجيوب.</subfield></datafield><datafield tag="880" ind1="1" ind2="0"><subfield code="6">245-02/</subfield><subfield code="a">اتحاف المحبوب بشرح مجملة المطلوب في العمل بالربع الجيوب :</subfield><subfield code="k">manuscript،</subfield><subfield code="f">[1843] /</subfield><subfield code="c">لالإمام علي بن مامي الحنفي.</subfield></datafield><datafield tag="880" ind1="0" ind2=" "><subfield code="6">100-01/</subfield><subfield code="a">علي بن مامي الحنفي.</subfield></datafield><datafield tag="CID" ind1=" " ind2=" "><subfield code="a">002631705</subfield></datafield><datafield tag="DAT" ind1="0" ind2=" "><subfield code="a">20190719102632.0</subfield><subfield code="b">20190719000000.0</subfield></datafield><datafield tag="DAT" ind1="1" ind2=" "><subfield code="a">20190719090653.0</subfield><subfield code="b">2019-07-19T16:10:42Z</subfield></datafield><datafield tag="DAT" ind1="2" ind2=" "><subfield code="a">2015-10-02T18:00:03Z</subfield></datafield><datafield tag="CAT" ind1=" " ind2=" "><subfield code="a">SDR-MIU</subfield><subfield code="d">EX LIBRIS - ALEPH</subfield><subfield code="l">prepare.pl-004-008</subfield></datafield><datafield tag="FMT" ind1=" " ind2=" "><subfield code="a">BK</subfield></datafield><datafield tag="HOL" ind1=" " ind2=" "><subfield code="0">sdr-miu002631705</subfield><subfield code="a">MiU</subfield><subfield code="b">SDR</subfield><subfield code="c">MIU</subfield><subfield code="p">mdp.39015081447909</subfield><subfield code="s">MIU</subfield><subfield code="1">002631705</subfield></datafield><datafield tag="974" ind1=" " ind2=" "><subfield code="b">MIU</subfield><subfield code="c">MIU</subfield><subfield code="d">20190719</subfield><subfield code="s">lit-dlps-dc</subfield><subfield code="u">mdp.39015081447909</subfield><subfield code="y">1843</subfield><subfield code="r">pd</subfield><subfield code="q">bib</subfield><subfield code="t">non-US bib date1 &lt; 1879</subfield></datafield></record></collection>